
# Citas sobre la naturaleza de los silent errors


# Citas sobre idea de tener que buscar criticalidad


Modeling and Mitigating Transient Errors in Logic Circuits https://sci-hub.se/10.1109/tdsc.2010.26
@article{polian2011modeling,
  title={Modeling and mitigating transient errors in logic circuits},
  author={Polian, Ilia and Hayes, John P and Reddy, Sudhakar M and Becker, Bernd},
  journal={IEEE Transactions on Dependable and Secure Computing},
  volume={8},
  number={4},
  pages={537--547},
  year={2011},
  publisher={IEEE}
}
# CItas para justificar uniformidad en los soft errors
#Tambien para explicacion de que es un soft error

Basic Mechanisms and Modeling of
Single-Event Upset in Digital Microelectronics
https://www.reliablemicrosystems.com/wp-content/uploads/2021/04/SEE-Mechanisms-Dodd-Massengill-rev-d12-m9.pdf
@article{dodd2003basic,
  title={Basic mechanisms and modeling of single-event upset in digital microelectronics},
  author={Dodd, Paul E and Massengill, Lloyd W},
  journal={IEEE Transactions on nuclear Science},
  volume={50},
  number={3},
  pages={583--602},
  year={2003},
  publisher={IEEE}
}

# Definiciones de errores

Basic concepts and taxonomy of dependable and secure computing https://docenti.ing.unipi.it/~a008669/didattica/FMSS2021/DependabilityBasics.pdf
@article{avizienis2004basic,
  title={Basic concepts and taxonomy of dependable and secure computing},
  author={Avizienis, Algirdas and Laprie, J-C and Randell, Brian and Landwehr, Carl},
  journal={IEEE transactions on dependable and secure computing},
  volume={1},
  number={1},
  pages={11--33},
  year={2004},
  publisher={IEEE}
}
# Rayos cosmicos causan errores
Effect of Cosmic Rays on Computer Memories 
@article{
doi:10.1126/science.206.4420.776,
author = {J. F. Ziegler  and W. A. Lanford },
title = {Effect of Cosmic Rays on Computer Memories},
journal = {Science},
volume = {206},
number = {4420},
pages = {776-788},
year = {1979},
doi = {10.1126/science.206.4420.776},
URL = {https://www.science.org/doi/abs/10.1126/science.206.4420.776},
eprint = {https://www.science.org/doi/pdf/10.1126/science.206.4420.776},
abstract = {A method is developed for evaluating the effects of cosmic rays on computer memories and is applied to some typical memory devices. The sea-level flux of cosmic-ray particles is reviewed and the interaction of each type of particle with silicon is estimated, with emphasis on processes that produce bursts of charge. These charge pulses are then related to typical computer large-scale integrated circuit components and cosmic-ray-induced errors are estimated. The effects of shielding (such as building ceilings and walls), altitude, and solar cycle are estimated. Cosmic-ray nucleons and muons can cause errors in current memories at a level of marginal significance, and there may be a very significant effect in the next generation of computer memory circuitry. Error rates increase rapidly with altitude, which may be used for testing to make electronic devices less sensitive to cosmic rays.}}


# Peligro de los errores traido por la escala

Fault tolerance techniques for high-performance computing  https://www.netlib.org/lapack/lawnspdf/lawn289.pdf
@book{dongarra2015fault,
  title={Fault tolerance techniques for high-performance computing},
  author={Dongarra, Jack and Herault, Thomas and Robert, Yves},
  year={2015},
  publisher={Springer}
}

https://ieeexplore.ieee.org/stamp/stamp.jsp?tp=&arnumber=7420396 Supercomputingâ€™S
monSter
in the cloSet
@article{geist2016supercomputing,
  title={Supercomputing's monster in the closet},
  author={Geist, Al},
  journal={IEEE Spectrum},
  volume={53},
  number={3},
  pages={30--35},
  year={2016},
  publisher={IEEE}
}

# Citas de OSMAN (sirve para mostrar las distintas tecnicas que se podrian elegrir si tuvieramos caracterizacion)

Enhancing Fault Tolerance in High-Performance
Computing: A Real Hardware Case Study on a
RISC-V Vector Processing Unit [[NOTAS FT VIRTOUS+]] 

Microarchitecture Techniques Utilizing the Floating Point
Functional Units For Soft Error Tolerance ---- (Uso de la FPU para redundancia de instrucciones de enteros) [[NOTAS FP RELIABILITY]]

[Dual Use of Superscalar Datapath for Transient-Fault Detection and Recovery](https://citeseerx.ist.psu.edu/document?repid=rep1&type=pdf&doi=e1eb8d9088a10b36311ea5943b1600af35a28b8e)

# Explicacion de injection techniques a distintos niveles del stack
https://ieeexplore.ieee.org/stamp/stamp.jsp?tp=&arnumber=6560694
@inproceedings{cho2013quantitative,
  title={Quantitative evaluation of soft error injection techniques for robust system design},
  author={Cho, Hyungmin and Mirkhani, Shahrzad and Cher, Chen-Yong and Abraham, Jacob A and Mitra, Subhasish},
  booktitle={Proceedings of the 50th Annual Design Automation Conference},
  pages={1--10},
  year={2013}
}


# PELIGRO DE LOS SILENT ERRORS:

https://sci-hub.se/10.1109/tvcg.2020.2994954 SpotSDC: Revealing the Silent Data Corruption
Propagation in High-Performance Computing
Systems

https://journals.sagepub.com/doi/pdf/10.1177/1094342014522573  Addressing failures in exascale computing
@article{snir2014addressing,
  title={Addressing failures in exascale computing},
  author={Snir, Marc and Wisniewski, Robert W and Abraham, Jacob A and Adve, Sarita V and Bagchi, Saurabh and Balaji, Pavan and Belak, Jim and Bose, Pradip and Cappello, Franck and Carlson, Bill and others},
  journal={The International Journal of High Performance Computing Applications},
  volume={28},
  number={2},
  pages={129--173},
  year={2014},
  publisher={Sage Publications Sage UK: London, England}
}



# Herramienta parecida y analisis a nivel arquitectura

Quantifying the Accuracy of High-Level Fault
Injection Techniques for Hardware Faults
https://sci-hub.se/10.1109/dsn.2014.2
-Arma un FI en PIN parecido al mio
-Compara las inyecciones en ASM con codiigo fuente
@inproceedings{wei2014quantifying,
  title={Quantifying the accuracy of high-level fault injection techniques for hardware faults},
  author={Wei, Jiesheng and Thomas, Anna and Li, Guanpeng and Pattabiraman, Karthik},
  booktitle={2014 44th Annual IEEE/IFIP International Conference on Dependable Systems and Networks},
  pages={375--382},
  year={2014},
  organization={IEEE}
}

# BUSCAR JUSTIFICACION DE POR QUE NO ES TRIVIAL SABER SI UN TF RESULTA EN UN ERROR



# PIN 
@article{luk2005pin,
  title={Pin: building customized program analysis tools with dynamic instrumentation},
  author={Luk, Chi-Keung and Cohn, Robert and Muth, Robert and Patil, Harish and Klauser, Artur and Lowney, Geoff and Wallace, Steven and Reddi, Vijay Janapa and Hazelwood, Kim},
  journal={Acm sigplan notices},
  volume={40},
  number={6},
  pages={190--200},
  year={2005},
  publisher={ACM New York, NY, USA}
}
